<?xml version="1.0" encoding="UTF-8"?>
<Document xmlns="urn:iso:std:iso:20022:tech:xsd:pain.001.002.03" xmlns:xsi="http://www.w3.org/2001/XMLSchema-instance" xsi:schemaLocation="urn:iso:std:iso:20022:tech:xsd:pain.001.002.03 pain.001.002.03.xsd">
  <CstmrCdtTrfInitn>
    <GrpHdr>
      <MsgId>SEPA File Identifier</MsgId>
      <CreDtTm>2015-06-03T16:16:48Z</CreDtTm>
      <NbOfTxs>1</NbOfTxs>
      <CtrlSum>30.23</CtrlSum>
      <InitgPty>
        <Nm>Example</Nm>
      </InitgPty>
    </GrpHdr>
    <PmtInf>
      <PmtInfId>UEM-2015-05-02</PmtInfId>
      <PmtMtd>TRF</PmtMtd>
      <NbOfTxs>1</NbOfTxs>
      <CtrlSum>30.23</CtrlSum>
      <PmtTpInf>
        <SvcLvl>
          <Cd>SEPA</Cd>
        </SvcLvl>
      </PmtTpInf>
      <ReqdExctnDt>2015-06-03</ReqdExctnDt>
      <Dbtr>
        <Nm>Test Bank</Nm>
      </Dbtr>
      <DbtrAcct>
        <Id>
          <IBAN>DE68210501700012345678</IBAN>
        </Id>
        <Ccy>EUR</Ccy>
      </DbtrAcct>
      <DbtrAgt>
        <FinInstnId>
          <BIC>ESSEDE5F100</BIC>
        </FinInstnId>
      </DbtrAgt>
      <ChrgBr>SLEV</ChrgBr>
      <CdtTrfTxInf>
        <PmtId>
          <EndToEndId>Max Mustermann</EndToEndId>
        </PmtId>
        <Amt>
          <InstdAmt Ccy="EUR">30.23</InstdAmt>
        </Amt>
        <CdtrAgt>
          <FinInstnId>
            <BIC>BYLADEM1001</BIC>
          </FinInstnId>
        </CdtrAgt>
        <Cdtr>
          <Nm>Max Mustermann</Nm>
        </Cdtr>
        <CdtrAcct>
          <Id>
            <IBAN>DE52120300001106712386</IBAN>
          </Id>
        </CdtrAcct>
        <RmtInf>
          <Ustrd>RNr:;Testueberweisung</Ustrd>
        </RmtInf>
      </CdtTrfTxInf>
    </PmtInf>
  </CstmrCdtTrfInitn>
</Document>
