<?xml version="1.0" encoding="UTF-8"?>
<Document xmlns="urn:iso:std:iso:20022:tech:xsd:pain.001.002.03" xmlns:xsi="http://www.w3.org/2001/XMLSchema-instance" xsi:schemaLocation="urn:iso:std:iso:20022:tech:xsd:pain.001.002.03 pain.001.002.03.xsd">
  <CstmrCdtTrfInitn>
    <GrpHdr>
      <MsgId>SEPA File Identifier</MsgId>
      <CreDtTm>2015-06-03T16:17:20Z</CreDtTm>
      <NbOfTxs>1</NbOfTxs>
      <CtrlSum>500.76</CtrlSum>
      <InitgPty>
        <Nm>Example</Nm>
      </InitgPty>
    </GrpHdr>
    <PmtInf>
      <PmtInfId>UEM-2015-04-02</PmtInfId>
      <PmtMtd>TRF</PmtMtd>
      <NbOfTxs>1</NbOfTxs>
      <CtrlSum>500.76</CtrlSum>
      <PmtTpInf>
        <SvcLvl>
          <Cd>SEPA</Cd>
        </SvcLvl>
      </PmtTpInf>
      <ReqdExctnDt>2015-06-03</ReqdExctnDt>
      <Dbtr>
        <Nm>Test Bank</Nm>
      </Dbtr>
      <DbtrAcct>
        <Id>
          <IBAN>DE68210501700012345678</IBAN>
        </Id>
        <Ccy>EUR</Ccy>
      </DbtrAcct>
      <DbtrAgt>
        <FinInstnId>
          <BIC>ESSEDE5F100</BIC>
        </FinInstnId>
      </DbtrAgt>
      <ChrgBr>SLEV</ChrgBr>
      <CdtTrfTxInf>
        <PmtId>
          <EndToEndId>Maxi Musterfrau</EndToEndId>
        </PmtId>
        <Amt>
          <InstdAmt Ccy="EUR">500.76</InstdAmt>
        </Amt>
        <Cdtr>
          <Nm>Maxi Musterfrau</Nm>
        </Cdtr>
        <CdtrAcct>
          <Id>
            <IBAN>DE52120300001106902386</IBAN>
          </Id>
        </CdtrAcct>
        <RmtInf>
          <Ustrd>RNr:;Schulden</Ustrd>
        </RmtInf>
      </CdtTrfTxInf>
    </PmtInf>
  </CstmrCdtTrfInitn>
</Document>
